@article{sundsted,
  Abstract={Features the Rational Unified Process (RUP), a brainware and software developed by Rational Software. Key features; RUP software development process; Benefits of RUP to proper process implementation.},
  Author={Sundsted, Todd E.},
  ISSN={01996649},
  Journal={InfoWorld},
  Keywords={COMPUTER software, COMPUTER software development, RATIONAL Software Corp.},
  Number={25},
  Pages={66},
  Title={Robust process gives developers boost.},
  Volume={23},
  URL={http://search-ebscohost-com.ez54.periodicos.capes.gov.br/login.aspx?direct=true&db=afh&AN=5644679&lang=pt-br&site=ehost-live},
  Year={2001},
}

@misc{shaw,
  author={D. Garlan and Mary Shaw},
  title={An introduction to software architecture},
  year={1994},
}

@misc{rational,
  author={{Rational Software Corporation}},
  title={Rational Unified Process},
  year={2001},
  edition={2001.03.00},
}

@phdthesis{ananias,
  title={Estudo comparativo entre ferramentas de Ger{\^e}ncia de Requisitos},
  author={Ananias, Rafael Richa Teixeira},
  year={2009},
  school={Universidade Federal de Pernambuco}
}

@book{davis,
  title={Software requirements: objects, functions, and states},
  author={Davis, Alan M},
  year={1993},
  publisher={Prentice-Hall, Inc.}
}

@inproceedings{gotel,
  title={An analysis of the requirements traceability problem},
  author={Gotel, Orlena CZ and Finkelstein, Anthony CW},
  booktitle={Requirements Engineering, 1994., Proceedings of the First International Conference on},
  pages={94--101},
  year={1994},
}

@book{pmbok,
  title={A Guide To The Project Management Body Of Knowledge},
  year={2004},
  organization={Project Management Institute},
  org-short={PMI},
  isbn={193069945X, 9781933890517},
  publisher={Project Management Institute}
}

@phdthesis{manzoni,
  title={Uso de Sistema de Ger{\^e}ncia de Workflow para Apoiar o Desenvolvimento de Software Baseado no Processo Unificado da Rational Estendido para Alcan{\c{c}}ar N{\'\i}veis 2 e 3 do Modelo de Maturidade},
  author={Manzoni, Lisandra Vielmo},
  year={2001},
  school={UNIVERSIDADE FEDERAL DO RIO GRANDE DO SUL},
  url={http://hdl.handle.net/10183/11733},
  urldate={06/10/2015}
}

@article{swathine,
  Author={Swathine, K and Komalalakshmi, J},
  Title={Requirement Elicitation for Requirement in Software Engineering},
  Journal={International Journal of Engineering Sciences \& Research Technology},
  Keywords={Requirement Elicitation, Requirement Engineering, Problem, Techniques},
  ISSN={22779655},
  Volume={3},
  Number={12},
  Pages={354-357},
  URL={http://www.ijesrt.com/issues%20pdf%20file/Archives-2014/December-2014/56_Requirement%20Elicitation%20for%20Requirement%20in%20Software%20Engineering.pdf},
  Year={2014}
}

@article{tsumaki,
  Abstract={One of the most difficult jobs for requirements engineers is to select an appropriate RE method for the project at hand. Good engineers make good choices and have skills in applying selected techniques appropriately. Poor engineers usually have a narrow choice range limited by their training and biased by their experience. Once a RE technique that does not fit the current project is selected, the project is doomed to fail. In this article, we propose a framework to characterize typical RE techniques and use it as a base for selecting appropriate techniques at the time a project is started, as well as at the time a change in the nature of the project is recognized, or an obstacle is encountered in defining a suitable set of requirements. Copyright © 2006 John Wiley & Sons, Ltd. [ABSTRACT FROM AUTHOR]},
  Author={Tsumaki, Toshihiko and Tamai, Tetsuo},
  ISSN={10774866},
  Journal={Software Process: Improvement \& Practice},
  Keywords={SYSTEMS engineering, PROJECT management, CHARACTERS & characteristics, BRAINSTORMING, STRUCTURAL analysis (Engineering), CASE studies, brainstorming, domain decomposition, goal oriented, project characteristics, requirements engineering techniques, scenario based, situation change},
  Number={5},
  Pages={505 - 519},
  Title={Framework for matching requirements elicitation techniques to project characteristics.},
  Volume={11},
  URL={http://search-ebscohost-com.ez54.periodicos.capes.gov.br/login.aspx?direct=true&db=iih&AN=22671819&lang=pt-br&site=ehost-live},
  Year={2006}
}

@article{bruckhaus1996impact,
  title={The impact of tools on software productivity},
  author={Bruckhaus, Tilmann and Madhavji, Nazim H and Janssen, Ingrid and Henshaw, John},
  journal={IEEE Software},
  number={5},
  pages={29--38},
  year={1996},
  publisher={IEEE}
}

@phdthesis{ananias2009estudo,
  title={Estudo comparativo entre ferramentas de Ger{\^e}ncia de Requisitos},
  author={Ananias, Rafael Richa Teixeira},
  year={2009},
  school={Universidade Federal de Pernambuco}
}

@article{agilemodeling,
  title={Active Stakeholder Participation: An Agile Best Practice},
  author={Scott W. Ambler},
  year={2002}
}

@article{rupXageis,
  title={RUP x Metodologias Ágeis: uma análise crítica},
  author={SERGIO CRESPO C. S. PINTO},
  year={2011},
  URL={http://unisinos-eslp.blogspot.com.br/2011/04/rup-x-metodologias-ageis-uma-analise.html}
}

@article{pequenasEmpresas,
  title={METODOLOGIAS ÁGEIS ,  auxiliando o processo de desenvolvimento de software de pequenas e médias empresas},
  author={ANDERSON LUIZ BARBOSA},
  year={2015},
  URL={http://www.fatec.edu.br/revista/wp-content/uploads/2013/06/Metodologias-%C3%A1geis.pdf}
}

@misc{ageisBrasil,
  title={Métodos ágeis no Brasil: estado da prática em times e organizações},
  author={Claudia de O. Melo; Viviane A.  Santos;  Hugo Corbucci;  Eduardo  Katayama;  Alfredo Goldman;  Fabio  Kon},
  year={2012},
}

@article{adrienne,
  title={Selecting a Software Development Methodology based on Organizational Characteristics},
  author={ADRIENNE FARRELL},
  year={2007},
  school={ATHABASCA UNIVERSITY}
}

@article{addison,
  title={The Unified Modeling Language User Guide},
  author={AddisonWesley},
  year={1999},
}

@article{paula,
  title={Métodos Ágeis},
  author={Paula L.O. Libardi, Vladimir Barbosa},
  year={2010},
}

@article{rodrigo,
  title={O processo unificado integrado ao desenvolvimento Web},
  author={Rodrigo S. Prudente De Aquino},
  year={2014},
}

@article{mendes,
  title={Especificação de Caso de Uso},
  author={Antonio Mendes Da Silva Filho},
  year={2014},
}

@misc{mps2012,
  title={MPS.BR -- Guia de Implementação},
  author={Softex},
  year={2012}
}

@book{wohlin2005engineering,
  title={Engineering and managing software requirements},
  author={Wohlin, Claes and others},
  year={2005},
  publisher={Springer Science \& Business Media}
}

@book{ambler2012disciplined,
  title={Disciplined agile delivery: A practitioner's guide to agile software delivery in the enterprise},
  author={Ambler, Scott W and Lines, Mark},
  year={2012},
  publisher={IBM Press}
}

@misc{stevens2002get,
  title={Get it right the first time: writing better requirements},
  author={Stevens, R},
  year={2002},
  publisher={Telelogic DOORS UK, Oxford}
}

@misc{lml2013,
  author = {LML},
  title = {{LIFECYCLE MODELING LANGUAGE (LML) SPECIFICATION}},
  howpublished = "\url{http://www.lifecyclemodeling.org/spec/LML_Specification_1_0.pdf}",
  year = {2013},
  note = "[Online; accessed 12-October-2015]"
}

@article{Lopes,
  author = {Leandro Teixeira Lopes},
  title = {Um Modelo de Processo de Engenharia de Requisitos para Ambientes de Desenvolvimento Distribuído de Software},
  year = {2004}
}

@phdthesis{Simone,
  author = {SIMONE FRANCETO},
  title = {ESPECIFICAÇÃO E IMPLEMENTAÇÃO DE UMA FERRAMENTA PARA ELICITAÇÃO DE REQUISITOS DE SOFTWARE BASEADA NA TEORIA DA ATIVIDADE},
  year = {2005}
}


